@Techreport{rfc2511,
  author = "M. Myers and C. Adams and D. Solo and D. Kemp",
  title = "{Internet X.509 Certificate Request Message Format}",
  type = "RFC",
  institution = "Internet Engineering Task Force",
  number = 2511,
  days = 15,
  month = mar,
  year = 1999,
  url = "http://www.rfc-editor.org/rfc/rfc2511.txt",
}

