@UNPUBLISHED{Paus2007,
  AUTHOR="Annika Paus",
  TITLE="Near Field Communication in Cell Phones",
  YEAR=2007,
  NOTE="A useful introduction to NFC technology, also touching on some of the security aspects"
},

@inproceedings{1731794,
 author = {Kelkka, Raine and Kallonen, Tommi and Ikonen, Jouni},
 title = {Remote identification and information processing with a near field communication compatible mobile phone},
 booktitle = {CompSysTech '09: Proceedings of the International Conference on Computer Systems and Technologies and Workshop for PhD Students in Computing},
 year = {2009},
 isbn = {978-1-60558-986-2},
 pages = {1--6},
 location = {Ruse, Bulgaria},
 doi = {http://doi.acm.org/10.1145/1731740.1731794},
 publisher = {ACM},
 address = {New York, NY, USA},
},

@InProceedings{mulliner09:vulnanamms,
  author =   {C. Mulliner},
  title =    {{Vulnerability Analysis and Attacks on NFC-enabled Mobile Phones}},
  booktitle =    {Proceedings of the 1st International Workshop on Sensor Security (IWSS) at ARES},
  year =   2009,
  address =  {Fukuoka, Japan},
  month =  {March}
},

@INPROCEEDINGS{Kfir05pickingvirtual,
    author = {Ziv Kfir and Avishai Wool},
    title = {Picking Virtual Pockets Using Relay Attacks on Contactless Smartcard Systems},
    booktitle = {},
    year = {2005},
    pages = {47--58}
}

